<?xml version="1.0" encoding="UTF-8"?><collection xmlns="http://www.loc.gov/MARC21/slim"><record><leader>00560nam--2200193-i-4500</leader><controlfield tag="001">000012749</controlfield><controlfield tag="002">20161230</controlfield><controlfield tag="005">20161230201029</controlfield><controlfield tag="008">060222s1000------------r-----000-0-eng-d</controlfield><datafield ind1=" " ind2=" " tag="040"><subfield code="a">IFIN-HH</subfield></datafield><datafield ind1=" " ind2=" " tag="080"><subfield code="a">577.354.2:535</subfield></datafield><datafield ind1="1" ind2=" " tag="100"><subfield code="a">Cool, Steven J</subfield></datafield><datafield ind1="1" ind2="0" tag="245"><subfield code="a">Frontiers in visual science</subfield><subfield code="c">STEVEN J. COOL, EARL L. SMITH, III (Eds.)</subfield></datafield><datafield ind1=" " ind2=" " tag="260"><subfield code="a">BERLIN</subfield><subfield code="b">Springer Verlag</subfield><subfield code="c">1978</subfield></datafield><datafield ind1=" " ind2=" " tag="300"><subfield code="a">XIV + 798 P</subfield></datafield><datafield ind1=" " ind2=" " tag="490"><subfield code="a">Springer Series In Optical Sciences</subfield><subfield code="v">Vol. 8</subfield></datafield><datafield ind1="1" ind2=" " tag="700"><subfield code="a">Smith, Earl L., Iii</subfield><subfield code="e">Ed</subfield></datafield><datafield ind1=" " ind2=" " tag="852"><subfield code="a">44207</subfield><subfield code="c">535</subfield></datafield><datafield ind1=" " ind2=" " tag="CAT"><subfield code="a">Sys</subfield><subfield code="c">20101111</subfield><subfield code="h">143633</subfield></datafield></record></collection>